@article{canonical,
AUTHOR="Patryk Chrabaszxz, Ilya Loshchilov, Frank Hutter",
TITLE="Back to Basics: Benchmarking Canonical Evolution Strategies for  Playing Atari",
PUBLISHER="University of Freiburg, Germany",
YEAR="2018",
}

@article{improveES,
AUTHOR="Droardo Conti, Vashisht Madhavan, Felipe Petroski Such, Joel Lehman, Kenneth O. Stanley, Jeff Clune",
TITLE="Improving Exploration in Evolution Strategies for Deep Reinforcement Learning via a Population of Novelty-Seeking Agents",
PUBLISHER="Uber AI Labs",
YEAR="2018",
}